@ARTICLE{So,
    author = {H. C. {So} and L. {Lin}},
    journal = {IEEE Transactions on Signal Processing},
    title = {Linear Least Squares Approach for Accurate Received Signal Strength Based Source Localization},
    year = {2011},
    volume = {59},
    number = {8},
    pages = {4035-4040},
    keywords = {fading;least squares approximations;measurement errors;parameter estimation;position control;sensors;signal processing;signal sources;linear least square approach;passive source localization;signal strength measurement;shadow fading effect;multiplicative measurement error;squared distance estimation;RSS based positioning;parameter estimation;LLS estimator;Cramer-Rao lower bound;Sensors;Noise;Position measurement;Covariance matrix;Fading;Measurement errors;Mathematical model;Best linear unbiased estimator;positioning algorithm;received signal strength;shadow fading},
    doi = {10.1109/TSP.2011.2152400},
    ISSN = {1053-587X},
    month = {Aug}
}